@article{Dreyer11,
  author    = {Derek Dreyer and
               Amal Ahmed and
               Lars Birkedal},
  title     = {Logical Step-Indexed Logical Relations},
  journal   = {Logical Methods in Computer Science},
  volume    = {7},
  number    = {2},
  year      = {2011},
  ee        = {http://dx.doi.org/10.2168/LMCS-7(2:16)2011},
  bibsource = {DBLP, http://dblp.uni-trier.de}
}
@article{Allais13,
  author    = {Guillaume Allais and
               Pierre Boutillier and
               Conor McBride},
  title     = {New Equations for Neutral Terms: A Sound and Complete Decision
               Procedure, Formalized},
  journal   = {CoRR},
  volume    = {abs/1304.0809},
  year      = {2013},
  ee        = {http://arxiv.org/abs/1304.0809},
  bibsource = {DBLP, http://dblp.uni-trier.de}
}
@inproceedings{Schurmann08,
  author    = {Carsten Sch{\"u}rmann and
               Jeffrey Sarnat},
  title     = {Structural Logical Relations},
  booktitle = {LICS},
  year      = {2008},
  pages     = {69-80},
  ee        = {http://doi.ieeecomputersociety.org/10.1109/LICS.2008.44},
  crossref  = {DBLP:conf/lics/2008},
  bibsource = {DBLP, http://dblp.uni-trier.de}
}

@proceedings{DBLP:conf/lics/2008,
  title     = {Proceedings of the Twenty-Third Annual IEEE Symposium on
               Logic in Computer Science, LICS 2008, 24-27 June 2008, Pittsburgh,
               PA, USA},
  booktitle = {LICS},
  publisher = {IEEE Computer Society},
  year      = {2008},
  isbn      = {978-0-7695-3183-0},
  bibsource = {DBLP, http://dblp.uni-trier.de}
}
@inproceedings{POPLMark,
  author    = {Brian E. Aydemir and
               Aaron Bohannon and
               Matthew Fairbairn and
               J. Nathan Foster and
               Benjamin C. Pierce and
               Peter Sewell and
               Dimitrios Vytiniotis and
               Geoffrey Washburn and
               Stephanie Weirich and
               Steve Zdancewic},
  title     = {Mechanized Metatheory for the Masses: The PoplMark Challenge},
  booktitle = {TPHOLs},
  year      = {2005},
  pages     = {50-65},
  ee        = {http://dx.doi.org/10.1007/11541868_4},
  crossref  = {DBLP:conf/tphol/2005},
  bibsource = {DBLP, http://dblp.uni-trier.de}
}

@proceedings{DBLP:conf/tphol/2005,
  editor    = {Joe Hurd and
               Thomas F. Melham},
  title     = {Theorem Proving in Higher Order Logics, 18th International
               Conference, TPHOLs 2005, Oxford, UK, August 22-25, 2005,
               Proceedings},
  booktitle = {TPHOLs},
  publisher = {Springer},
  series    = {Lecture Notes in Computer Science},
  volume    = {3603},
  year      = {2005},
  isbn      = {3-540-28372-2},
  bibsource = {DBLP, http://dblp.uni-trier.de}
}
